
@article{rios_time-varying_2017,
  title = {Time-{{Varying Parameter Identification Algorithms}}: {{Finite}} and {{Fixed}}-{{Time Convergence}}},
  volume = {62},
  issn = {0018-9286},
  shorttitle = {Time-{{Varying Parameter Identification Algorithms}}},
  doi = {10.1109/TAC.2017.2673413},
  number = {7},
  journal = {IEEE Transactions on Automatic Control},
  author = {R\'ios, H. and Efimov, D. and Moreno, J. A. and Perruquetti, W. and {Rueda-Escobedo}, J. G.},
  month = jul,
  year = {2017},
  pages = {3671-3678}
}

@article{pan_composite_2016,
  title = {Composite Adaptive Dynamic Surface Control Using Online Recorded Data},
  volume = {26},
  issn = {1099-1239},
  doi = {10.1002/rnc.3541},
  language = {en},
  number = {18},
  journal = {International Journal of Robust and Nonlinear Control},
  author = {Pan, Yongping and Sun, Tairen and Yu, Haoyong},
  month = dec,
  year = {2016},
  pages = {3921-3936}
}

@article{sirignano_stochastic_2017,
  title = {Stochastic {{Gradient Descent}} in {{Continuous Time}}},
  volume = {8},
  doi = {10.1137/17M1126825},
  number = {1},
  journal = {SIAM Journal on Financial Mathematics},
  author = {Sirignano, J. and Spiliopoulos, K.},
  month = jan,
  year = {2017},
  pages = {933-961}
}

@article{kamalapurkar_concurrent_2017,
  title = {Concurrent {{Learning}} for {{Parameter Estimation Using Dynamic State}}-{{Derivative Estimators}}},
  volume = {62},
  issn = {0018-9286},
  doi = {10.1109/TAC.2017.2671343},
  number = {7},
  journal = {IEEE Transactions on Automatic Control},
  author = {Kamalapurkar, R. and Reish, B. and Chowdhary, G. and Dixon, W. E.},
  month = jul,
  year = {2017},
  pages = {3594-3601}
}

@article{pan_composite_2018,
  title = {Composite Learning Robot Control with Guaranteed Parameter Convergence},
  volume = {89},
  issn = {0005-1098},
  doi = {10.1016/j.automatica.2017.11.032},
  journal = {Automatica},
  author = {Pan, Yongping and Yu, Haoyong},
  month = mar,
  year = {2018},
  pages = {398-406}
}

@article{chowdhary_concurrent_2013-1,
  title = {{Concurrent learning adaptive control of linear systems with exponentially convergent bounds}},
  volume = {27},
  issn = {0890-6327},
  doi = {10.1002/acs.2297},
  language = {English (US)},
  number = {4},
  journal = {International Journal of Adaptive Control and Signal Processing},
  author = {Chowdhary, Girish and Yucelen, Tansel and M\"uhlegg, Maximillian and Johnson, Eric N.},
  month = apr,
  year = {2013},
  pages = {280-301}
}

@article{chowdhary_exponential_2014,
  title = {Exponential Parameter and Tracking Error Convergence Guarantees for Adaptive Controllers without Persistency of Excitation},
  volume = {87},
  issn = {0020-7179},
  doi = {10.1080/00207179.2014.880128},
  number = {8},
  journal = {International Journal of Control},
  author = {Chowdhary, Girish and M\"uhlegg, Maximilian and Johnson, Eric},
  month = aug,
  year = {2014},
  pages = {1583-1603}
}

@article{ulukok_matrix_2010,
  title = {On {{Some Matrix Trace Inequalities}}},
  volume = {2010},
  issn = {1025-5834, 1029-242X},
  doi = {10.1155/2010/201486},
  language = {en},
  journal = {Journal of Inequalities and Applications},
  author = {Uluk\"ok, Z\"ubeyde and T\"urkmen, Ramazan},
  year = {2010},
  pages = {1-8}
}

@article{bottou_optimization_2018,
  title = {Optimization {{Methods}} for {{Large}}-{{Scale Machine Learning}}},
  doi = {10.1137/16M1080173},
  language = {en},
  journal = {SIAM Review},
  author = {Bottou, L\'eon and Curtis, Frank E. and Nocedal, Jorge},
  month = may,
  year = {2018}
}



