
@article{merikoski_inequalities_2004,
  title = {Inequalities {{For Spreads Of Matrix Sums And Products}}},
  volume = {4},
  issn = {1607-2510},
  language = {en},
  journal = {Applied Mathematics E-Notes},
  author = {Merikoski, Jorma K and Kumar, Ravinder},
  year = {2004},
  pages = {150-159}
}

@book{horn_matrix_2012,
  address = {New York, NY},
  edition = {2 edition},
  title = {Matrix {{Analysis}}},
  isbn = {978-0-521-54823-6},
  language = {English},
  publisher = {{Cambridge University Press}},
  author = {Horn, Roger A. and Johnson, Charles R.},
  month = oct,
  year = {2012}
}

@article{bhatia_singular_1990,
  title = {On the {{Singular Values}} of a {{Product}} of {{Operators}}},
  volume = {11},
  issn = {0895-4798, 1095-7162},
  doi = {10.1137/0611018},
  language = {en},
  number = {2},
  journal = {SIAM Journal on Matrix Analysis and Applications},
  author = {Bhatia, Rajendra and Kittaneh, Fuad},
  month = apr,
  year = {1990},
  pages = {272-277}
}


