
@book{slotine_applied_1991,
  address = {Englewood Cliffs, N.J},
  title = {Applied {{Nonlinear Control}}},
  isbn = {978-0-13-040890-7},
  language = {English},
  publisher = {{Pearson}},
  author = {Slotine, Jean-Jacques and Li, Weiping},
  year = {1991}
}

@article{pan_composite_2018,
  title = {Composite Learning Robot Control with Guaranteed Parameter Convergence},
  volume = {89},
  issn = {0005-1098},
  doi = {10.1016/j.automatica.2017.11.032},
  journal = {Automatica},
  author = {Pan, Yongping and Yu, Haoyong},
  month = mar,
  year = {2018},
  pages = {398-406}
}

@article{chowdhary_exponential_2014,
  title = {Exponential Parameter and Tracking Error Convergence Guarantees for Adaptive Controllers without Persistency of Excitation},
  volume = {87},
  issn = {0020-7179},
  doi = {10.1080/00207179.2014.880128},
  number = {8},
  journal = {International Journal of Control},
  author = {Chowdhary, Girish and M\"uhlegg, Maximilian and Johnson, Eric},
  month = aug,
  year = {2014},
  pages = {1583-1603}
}

@article{nemirovski_robust_2009,
  title = {Robust {{Stochastic Approximation Approach}} to {{Stochastic Programming}}},
  volume = {19},
  issn = {1052-6234},
  doi = {10.1137/070704277},
  number = {4},
  journal = {SIAM Journal on Optimization},
  author = {Nemirovski, A. and Juditsky, A. and Lan, G. and Shapiro, A.},
  month = jan,
  year = {2009},
  pages = {1574-1609}
}

@article{cho_composite_2018,
  title = {Composite {{Model Reference Adaptive Control}} with {{Parameter Convergence Under Finite Excitation}}},
  volume = {63},
  issn = {0018-9286},
  doi = {10.1109/TAC.2017.2737324},
  number = {3},
  journal = {IEEE Transactions on Automatic Control},
  author = {Cho, N. and Shin, H. and Kim, Y. and Tsourdos, A.},
  month = mar,
  year = {2018},
  pages = {811-818}
}

@article{merikoski_inequalities_2004,
  title = {Inequalities {{For Spreads Of Matrix Sums And Products}}},
  volume = {4},
  issn = {1607-2510},
  language = {en},
  journal = {Applied Mathematics E-Notes},
  author = {Merikoski, Jorma K and Kumar, Ravinder},
  year = {2004},
  pages = {150-159}
}

@book{horn_matrix_2012,
  address = {New York, NY},
  edition = {2 edition},
  title = {Matrix {{Analysis}}},
  isbn = {978-0-521-54823-6},
  language = {English},
  publisher = {{Cambridge University Press}},
  author = {Horn, Roger A. and Johnson, Charles R.},
  month = oct,
  year = {2012}
}

@article{bhatia_singular_1990,
  title = {On the {{Singular Values}} of a {{Product}} of {{Operators}}},
  volume = {11},
  issn = {0895-4798, 1095-7162},
  doi = {10.1137/0611018},
  language = {en},
  number = {2},
  journal = {SIAM Journal on Matrix Analysis and Applications},
  author = {Bhatia, Rajendra and Kittaneh, Fuad},
  month = apr,
  year = {1990},
  pages = {272-277}
}

@article{lavretsky_combined/composite_2009,
  title = {Combined/{{Composite Model Reference Adaptive Control}}},
  volume = {54},
  issn = {0018-9286},
  doi = {10.1109/TAC.2009.2031580},
  number = {11},
  journal = {IEEE Transactions on Automatic Control},
  author = {Lavretsky, E.},
  month = nov,
  year = {2009},
  pages = {2692-2697}
}

@article{ipsen_refined_2009,
  title = {Refined {{Perturbation Bounds}} for {{Eigenvalues}} of {{Hermitian}} and {{Non}}-{{Hermitian Matrices}}},
  volume = {31},
  issn = {0895-4798, 1095-7162},
  doi = {10.1137/070682745},
  language = {en},
  number = {1},
  journal = {SIAM Journal on Matrix Analysis and Applications},
  author = {Ipsen, I. C. F. and Nadler, B.},
  month = jan,
  year = {2009},
  pages = {40-53}
}

@article{bunch_rank-one_1978,
  title = {Rank-One Modification of the Symmetric Eigenproblem},
  volume = {31},
  issn = {0029-599X, 0945-3245},
  doi = {10.1007/BF01396012},
  language = {en},
  number = {1},
  journal = {Numerische Mathematik},
  author = {Bunch, James R. and Nielsen, Christopher P. and Sorensen, Danny C.},
  month = mar,
  year = {1978},
  pages = {31-48}
}


