
@article{rios_time-varying_2017,
  title = {Time-{{Varying Parameter Identification Algorithms}}: {{Finite}} and {{Fixed}}-{{Time Convergence}}},
  volume = {62},
  issn = {0018-9286},
  shorttitle = {Time-{{Varying Parameter Identification Algorithms}}},
  doi = {10.1109/TAC.2017.2673413},
  number = {7},
  journal = {IEEE Transactions on Automatic Control},
  author = {R\'ios, H. and Efimov, D. and Moreno, J. A. and Perruquetti, W. and {Rueda-Escobedo}, J. G.},
  month = jul,
  year = {2017},
  pages = {3671-3678}
}

@incollection{chowdhary_concurrent_2013,
  title = {Concurrent {{Learning Adaptive Model Predictive Control}}},
  language = {en},
  booktitle = {Advances in {{Aerospace Guidance}}, {{Navigation}} and {{Control}}},
  publisher = {{Springer, Berlin, Heidelberg}},
  author = {Chowdhary, Girish and M\"uhlegg, Maximilian and How, Jonathan P. and Holzapfel, Florian},
  year = {2013},
  pages = {29-47},
  doi = {10.1007/978-3-642-38253-6_3}
}

@article{kamalapurkar_model-based_2017,
  title = {Model-{{Based Reinforcement Learning}} for {{Infinite}}-{{Horizon Approximate Optimal Tracking}}},
  volume = {28},
  issn = {2162-237X, 2162-2388},
  doi = {10.1109/TNNLS.2015.2511658},
  number = {3},
  journal = {IEEE Transactions on Neural Networks and Learning Systems},
  author = {Kamalapurkar, Rushikesh and Andrews, Lindsey and Walters, Patrick and Dixon, Warren E.},
  month = mar,
  year = {2017},
  pages = {753-758}
}

@article{novara_data-driven_2018,
  title = {Data-{{Driven Inversion}}-{{Based Control}} of {{Nonlinear Systems With Guaranteed Closed}}-{{Loop Stability}}},
  volume = {63},
  issn = {0018-9286},
  doi = {10.1109/TAC.2017.2744499},
  number = {4},
  journal = {IEEE Transactions on Automatic Control},
  author = {Novara, C. and Formentin, S.},
  month = apr,
  year = {2018},
  pages = {1147-1154}
}

@article{piga_direct_2017,
  title = {Direct {{Data}}-{{Driven Control}} of {{Constrained Systems}}},
  issn = {1063-6536},
  doi = {10.1109/TCST.2017.2702118},
  journal = {IEEE Transactions on Control Systems Technology},
  author = {Piga, D. and Formentin, S. and Bemporad, A.},
  year = {2017},
  pages = {1-8}
}

@book{slotine_applied_1991,
  address = {Englewood Cliffs, N.J},
  title = {Applied {{Nonlinear Control}}},
  isbn = {978-0-13-040890-7},
  language = {English},
  publisher = {{Pearson}},
  author = {Slotine, Jean-Jacques and Li, Weiping},
  year = {1991}
}

@article{kamalapurkar_concurrent_2017,
  title = {Concurrent {{Learning}} for {{Parameter Estimation Using Dynamic State}}-{{Derivative Estimators}}},
  volume = {62},
  issn = {0018-9286},
  doi = {10.1109/TAC.2017.2671343},
  number = {7},
  journal = {IEEE Transactions on Automatic Control},
  author = {Kamalapurkar, R. and Reish, B. and Chowdhary, G. and Dixon, W. E.},
  month = jul,
  year = {2017},
  pages = {3594-3601}
}

@article{pan_composite_2018,
  title = {Composite Learning Robot Control with Guaranteed Parameter Convergence},
  volume = {89},
  issn = {0005-1098},
  doi = {10.1016/j.automatica.2017.11.032},
  journal = {Automatica},
  author = {Pan, Yongping and Yu, Haoyong},
  month = mar,
  year = {2018},
  pages = {398-406}
}

@article{chowdhary_concurrent_2013-1,
  title = {{Concurrent learning adaptive control of linear systems with exponentially convergent bounds}},
  volume = {27},
  issn = {0890-6327},
  doi = {10.1002/acs.2297},
  language = {English (US)},
  number = {4},
  journal = {International Journal of Adaptive Control and Signal Processing},
  author = {Chowdhary, Girish and Yucelen, Tansel and M\"uhlegg, Maximillian and Johnson, Eric N.},
  month = apr,
  year = {2013},
  pages = {280-301}
}

@article{chowdhary_exponential_2014,
  title = {Exponential Parameter and Tracking Error Convergence Guarantees for Adaptive Controllers without Persistency of Excitation},
  volume = {87},
  issn = {0020-7179},
  doi = {10.1080/00207179.2014.880128},
  number = {8},
  journal = {International Journal of Control},
  author = {Chowdhary, Girish and M\"uhlegg, Maximilian and Johnson, Eric},
  month = aug,
  year = {2014},
  pages = {1583-1603}
}

@article{anderson_exponential_1977,
  title = {Exponential Stability of Linear Equations Arising in Adaptive Identification},
  volume = {22},
  issn = {0018-9286},
  doi = {10.1109/TAC.1977.1101406},
  number = {1},
  journal = {IEEE Transactions on Automatic Control},
  author = {Anderson, B.},
  month = feb,
  year = {1977},
  pages = {83-88}
}

@article{nemirovski_robust_2009,
  title = {Robust {{Stochastic Approximation Approach}} to {{Stochastic Programming}}},
  volume = {19},
  issn = {1052-6234},
  doi = {10.1137/070704277},
  number = {4},
  journal = {SIAM Journal on Optimization},
  author = {Nemirovski, A. and Juditsky, A. and Lan, G. and Shapiro, A.},
  month = jan,
  year = {2009},
  pages = {1574-1609}
}

@article{cho_composite_2018,
  title = {Composite {{Model Reference Adaptive Control}} with {{Parameter Convergence Under Finite Excitation}}},
  volume = {63},
  issn = {0018-9286},
  doi = {10.1109/TAC.2017.2737324},
  number = {3},
  journal = {IEEE Transactions on Automatic Control},
  author = {Cho, N. and Shin, H. and Kim, Y. and Tsourdos, A.},
  month = mar,
  year = {2018},
  pages = {811-818}
}

@article{merikoski_inequalities_2004,
  title = {Inequalities {{For Spreads Of Matrix Sums And Products}}},
  volume = {4},
  issn = {1607-2510},
  language = {en},
  journal = {Applied Mathematics E-Notes},
  author = {Merikoski, Jorma K and Kumar, Ravinder},
  year = {2004},
  pages = {150-159}
}

@book{horn_matrix_2012,
  address = {New York, NY},
  edition = {2 edition},
  title = {Matrix {{Analysis}}},
  isbn = {978-0-521-54823-6},
  language = {English},
  publisher = {{Cambridge University Press}},
  author = {Horn, Roger A. and Johnson, Charles R.},
  month = oct,
  year = {2012}
}

@article{bhatia_singular_1990,
  title = {On the {{Singular Values}} of a {{Product}} of {{Operators}}},
  volume = {11},
  issn = {0895-4798, 1095-7162},
  doi = {10.1137/0611018},
  language = {en},
  number = {2},
  journal = {SIAM Journal on Matrix Analysis and Applications},
  author = {Bhatia, Rajendra and Kittaneh, Fuad},
  month = apr,
  year = {1990},
  pages = {272-277}
}

@article{lavretsky_combined/composite_2009,
  title = {Combined/{{Composite Model Reference Adaptive Control}}},
  volume = {54},
  issn = {0018-9286},
  doi = {10.1109/TAC.2009.2031580},
  number = {11},
  journal = {IEEE Transactions on Automatic Control},
  author = {Lavretsky, E.},
  month = nov,
  year = {2009},
  pages = {2692-2697}
}

@article{ipsen_refined_2009,
  title = {Refined {{Perturbation Bounds}} for {{Eigenvalues}} of {{Hermitian}} and {{Non}}-{{Hermitian Matrices}}},
  volume = {31},
  issn = {0895-4798, 1095-7162},
  doi = {10.1137/070682745},
  language = {en},
  number = {1},
  journal = {SIAM Journal on Matrix Analysis and Applications},
  author = {Ipsen, I. C. F. and Nadler, B.},
  month = jan,
  year = {2009},
  pages = {40-53}
}

@article{bunch_rank-one_1978,
  title = {Rank-One Modification of the Symmetric Eigenproblem},
  volume = {31},
  issn = {0029-599X, 0945-3245},
  doi = {10.1007/BF01396012},
  language = {en},
  number = {1},
  journal = {Numerische Mathematik},
  author = {Bunch, James R. and Nielsen, Christopher P. and Sorensen, Danny C.},
  month = mar,
  year = {1978},
  pages = {31-48}
}

@article{slotine_composite_1989,
  title = {Composite Adaptive Control of Robot Manipulators},
  volume = {25},
  issn = {00051098},
  doi = {10.1016/0005-1098(89)90094-0},
  language = {en},
  number = {4},
  journal = {Automatica},
  author = {Slotine, Jean-Jacques E. and Li, Weiping},
  month = jul,
  year = {1989},
  pages = {509-519}
}

@article{anderson_new_1969,
  title = {New {{Results}} in {{Linear System Stability}}},
  volume = {7},
  issn = {0036-1402},
  doi = {10.1137/0307029},
  language = {en},
  number = {3},
  journal = {SIAM Journal on Control},
  author = {Anderson, B. D. O. and Moore, J. B.},
  month = aug,
  year = {1969},
  pages = {398-414}
}

@book{kato_perturbation_1995,
  address = {Berlin},
  series = {Classics in mathematics},
  title = {Perturbation Theory for Linear Operators},
  isbn = {978-3-540-58661-6},
  lccn = {QA329.2 .K37 1995},
  language = {en},
  publisher = {{Springer}},
  author = {Kat\=o, Tosio},
  year = {1995}
}

@article{andrew_derivatives_1993,
  title = {Derivatives of {{Eigenvalues}} and {{Eigenvectors}} of {{Matrix Functions}}},
  volume = {14},
  issn = {0895-4798},
  doi = {10.1137/0614061},
  number = {4},
  journal = {SIAM Journal on Matrix Analysis and Applications},
  author = {Andrew, A. and Chu, K. and Lancaster, P.},
  month = oct,
  year = {1993},
  pages = {903-926}
}

@article{magnus_differentiating_1985,
  title = {On {{Differentiating Eigenvalues}} and {{Eigenvectors}}},
  volume = {1},
  issn = {0266-4666},
  number = {2},
  journal = {Econometric Theory},
  author = {Magnus, Jan R.},
  year = {1985},
  pages = {179-191}
}

@article{astrom_adaptive_1987,
  title = {Adaptive Feedback Control},
  volume = {75},
  issn = {0018-9219},
  doi = {10.1109/PROC.1987.13721},
  number = {2},
  journal = {Proceedings of the IEEE},
  author = {Astrom, K. J.},
  month = feb,
  year = {1987},
  pages = {185-217}
}

@inproceedings{chowdhary_concurrent_2010,
  title = {Concurrent Learning for Convergence in Adaptive Control without Persistency of Excitation},
  doi = {10.1109/CDC.2010.5717148},
  booktitle = {49th {{IEEE Conference}} on {{Decision}} and {{Control}} ({{CDC}})},
  author = {Chowdhary, G. and Johnson, E.},
  month = dec,
  year = {2010},
  pages = {3674-3679}
}

@inproceedings{chowdhary_singular_2011,
  title = {A Singular Value Maximizing Data Recording Algorithm for Concurrent Learning},
  doi = {10.1109/ACC.2011.5991481},
  booktitle = {Proceedings of the 2011 {{American Control Conference}}},
  author = {Chowdhary, G. and Johnson, E.},
  month = jun,
  year = {2011},
  pages = {3547-3552}
}


